@article{zhang2015cross,
  title={Cross-platform identification of anonymous identical users in multiple social media networks},
  author={Zhang, Yutao and Tang, Jie and Yang, Zhilin and Pei, Jian and Yu, Philip S},
  journal={IEEE Transactions on Knowledge and Data Engineering},
  volume={28},
  number={2},
  pages={411--424},
  year={2015},
  publisher={IEEE}
}

@inproceedings{liu2016hydra,
  title={HYDRA: large-scale social identity linkage via heterogeneous behavior modeling},
  author={Liu, Li and Cheung, William K and Li, Xin and Liao, Lejian},
  booktitle={Proceedings of the 2016 International Conference on Management of Data},
  pages={51--62},
  year={2016}
}

@inproceedings{zafarani2009connecting,
  title={Connecting corresponding identities across communities},
  author={Zafarani, Reza and Liu, Huan},
  booktitle={Proceedings of the International AAAI Conference on Web and Social Media},
  volume={3},
  number={1},
  pages={354--357},
  year={2009}
}

@inproceedings{perito2011we,
  title={How much is a username worth?},
  author={Perito, Daniele and Castelluccia, Claude and Kaafar, Mohamed Ali and Manils, Pere},
  booktitle={Proceedings of the 18th ACM conference on Computer and communications security},
  pages={287--298},
  year={2011}
}

@inproceedings{man2016predict,
  title={Predict anchor links across social networks via an embedding approach},
  author={Man, Tong and Shen, Huawei and Liu, Shenghua and Jin, Xiaolong and Cheng, Xueqi},
  booktitle={Proceedings of the Twenty-Fifth International Joint Conference on Artificial Intelligence},
  pages={1823--1829},
  year={2016}
}

@inproceedings{zhou2018deeplink,
  title={DeepLink: a deep learning approach for user identity linkage},
  author={Zhou, Fan and Liu, Ling and Zhang, Kunpeng and Trajcevski, Goce and Wu, Jin and Zhong, Ting},
  booktitle={IEEE INFOCOM 2018-IEEE Conference on Computer Communications},
  pages={1313--1321},
  year={2018},
  organization={IEEE}
}

@article{baltrusaitis2018multimodal,
  title={Multimodal machine learning: a survey and taxonomy},
  author={Baltru{\v{s}}aitis, Tadas and Ahuja, Chaitanya and Morency, Louis-Philippe},
  journal={IEEE transactions on pattern analysis and machine intelligence},
  volume={41},
  number={2},
  pages={423--443},
  year={2018},
  publisher={IEEE}
}

@inproceedings{kiela2018dynamic,
  title={Dynamic meta-embeddings for improved sentence representations},
  author={Kiela, Douwe and Wang, Changhan and Cho, Kyunghyun},
  booktitle={Proceedings of the 2018 Conference on Empirical Methods in Natural Language Processing},
  pages={1466--1477},
  year={2018}
}

@inproceedings{vaswani2017attention,
  title={Attention is all you need},
  author={Vaswani, Ashish and Shazeer, Noam and Parmar, Niki and Uszkoreit, Jakob and Jones, Llion and Gomez, Aidan N and Kaiser, {\L}ukasz and Polosukhin, Illia},
  booktitle={Advances in neural information processing systems},
  pages={5998--6008},
  year={2017}
}

@inproceedings{xu2015show,
  title={Show, attend and tell: Neural image caption generation with visual attention},
  author={Xu, Kelvin and Ba, Jimmy and Kiros, Ryan and Cho, Kyunghyun and Courville, Aaron and Salakhudinov, Ruslan and Zemel, Rich and Bengio, Yoshua},
  booktitle={International conference on machine learning},
  pages={2048--2057},
  year={2015},
  organization={PMLR}
}

@inproceedings{lu2016hierarchical,
  title={Hierarchical question-image co-attention for visual question answering},
  author={Lu, Jiasen and Yang, Jianwei and Batra, Dhruv and Parikh, Devi},
  booktitle={Advances in neural information processing systems},
  pages={289--297},
  year={2016}
}

@inproceedings{dietterich2000ensemble,
  title={Ensemble methods in machine learning},
  author={Dietterich, Thomas G},
  booktitle={International workshop on multiple classifier systems},
  pages={1--15},
  year={2000},
  organization={Springer}
}

@article{carmagnola2008user,
  title={User identification for cross-system personalisation},
  author={Carmagnola, Francesca and Cena, Federica and Gena, Cristina},
  journal={Information Sciences},
  volume={179},
  number={1-2},
  pages={16--32},
  year={2009},
  publisher={Elsevier}
}

@inproceedings{li2017deep,
  title={Deep learning for user modeling and personalization},
  author={Li, Yujia and Tarlow, Daniel and Brockschmidt, Marc and Zemel, Richard},
  booktitle={Proceedings of the 26th International Conference on World Wide Web},
  pages={1421--1430},
  year={2017}
}

@inproceedings{hamilton2017inductive,
  title={Inductive representation learning on large graphs},
  author={Hamilton, Will and Ying, Zhitao and Leskovec, Jure},
  booktitle={Advances in neural information processing systems},
  pages={1024--1034},
  year={2017}
}

@inproceedings{devlin2018bert,
  title={BERT: Pre-training of Deep Bidirectional Transformers for Language Understanding},
  author={Devlin, Jacob and Chang, Ming-Wei and Lee, Kenton and Toutanova, Kristina},
  booktitle={Proceedings of the 2019 Conference of the North American Chapter of the Association for Computational Linguistics: Human Language Technologies, Volume 1 (Long and Short Papers)},
  pages={4171--4186},
  year={2019}
}

@inproceedings{kipf2016semi,
  title={Semi-supervised classification with graph convolutional networks},
  author={Kipf, Thomas N and Welling, Max},
  booktitle={International Conference on Learning Representations},
  year={2017}
}

@article{kazemi2019time2vec,
  title={Time2vec: Learning a vector representation of time},
  author={Kazemi, Seyed Mehran and Goel, Rishab and Eghbali, Sepehr and Ramanan, Janahan and Sahota, Jaspreet and Thakur, Sanjay and Wu, Stella and Smyth, Cathal and Poupart, Pascal and Brubaker, Marcus},
  journal={arXiv preprint arXiv:1907.05321},
  year={2019}
}

@inproceedings{ke2017lightgbm,
  title={LightGBM: A highly efficient gradient boosting decision tree},
  author={Ke, Guolin and Meng, Qi and Finley, Thomas and Wang, Taifeng and Chen, Wei and Ma, Weidong and Ye, Qiwei and Liu, Tie-Yan},
  booktitle={Advances in neural information processing systems},
  pages={3146--3154},
  year={2017}
}

@inproceedings{reimers2019sentence,
  title={Sentence-BERT: Sentence Embeddings using Siamese BERT-Networks},
  author={Reimers, Nils and Gurevych, Iryna},
  booktitle={Proceedings of the 2019 Conference on Empirical Methods in Natural Language Processing and the 9th International Joint Conference on Natural Language Processing},
  pages={3982--3992},
  year={2019}
}