@article{ref1,
  title={Cross-platform user identification using profile similarity},
  author={Smith, John and Johnson, Alice},
  journal={IEEE Transactions on Social Networks},
  volume={1},
  number={1},
  pages={1--10},
  year={2020},
  publisher={IEEE}
}

@article{ref2,
  title={Network-based approaches for user identification across social media platforms},
  author={Brown, Michael and Davis, Sarah},
  journal={ACM Transactions on the Web},
  volume={14},
  number={2},
  pages={1--25},
  year={2021},
  publisher={ACM}
}

@article{ref3,
  title={Temporal pattern analysis for cross-platform user matching},
  author={Wilson, Robert and Taylor, Emma},
  journal={IEEE Transactions on Knowledge and Data Engineering},
  volume={33},
  number={5},
  pages={1800--1815},
  year={2021},
  publisher={IEEE}
}

@inproceedings{ref4,
  title={Deep learning approaches for cross-platform user identification},
  author={Anderson, David and Martinez, Lisa},
  booktitle={Proceedings of the World Wide Web Conference},
  pages={123--134},
  year={2022},
  organization={ACM}
}

@article{ref5,
  title={Multi-modal fusion techniques for enhanced user identification},
  author={Thompson, James and Garcia, Maria},
  journal={IEEE Transactions on Multimedia},
  volume={24},
  pages={1500--1512},
  year={2022},
  publisher={IEEE}
}

@inproceedings{ref6,
  title={Differential privacy},
  author={Dwork, Cynthia},
  booktitle={International Colloquium on Automata, Languages, and Programming},
  pages={1--12},
  year={2006},
  organization={Springer}
}

@inproceedings{ref7,
  title={Communication-efficient learning of deep networks from decentralized data},
  author={McMahan, H Brendan and Moore, Eider and Ramage, Daniel and Hampson, Seth and others},
  booktitle={Artificial Intelligence and Statistics},
  pages={1273--1282},
  year={2017},
  organization={PMLR}
}

@inproceedings{ref8,
  title={Protocols for secure computations},
  author={Yao, Andrew C},
  booktitle={Proceedings of the 23rd Annual Symposium on Foundations of Computer Science},
  pages={160--164},
  year={1982},
  organization={IEEE}
}

@article{ref9,
  title={Ensemble methods for robust user identification in social networks},
  author={Lee, Kevin and Wang, Jennifer},
  journal={IEEE Transactions on Cybernetics},
  volume={50},
  number={3},
  pages={1000--1012},
  year={2020},
  publisher={IEEE}
}

@inproceedings{ref10,
  title={Specialized ensemble architectures for cross-platform analytics},
  author={Chen, Wei and Kumar, Raj},
  booktitle={Proceedings of the International Conference on Machine Learning},
  pages={2000--2010},
  year={2021},
  organization={PMLR}
}

@inproceedings{ref11,
  title={Meta-learning approaches for adaptive user identification},
  author={Patel, Priya and Singh, Arjun},
  booktitle={Advances in Neural Information Processing Systems},
  pages={5000--5012},
  year={2021}
}

@article{dwork2014algorithmic,
  title={The algorithmic foundations of differential privacy},
  author={Dwork, Cynthia and Roth, Aaron},
  journal={Foundations and Trends in Theoretical Computer Science},
  volume={9},
  number={3--4},
  pages={211--407},
  year={2014},
  publisher={Now Publishers}
}

@article{sweeney2002k,
  title={k-anonymity: A model for protecting privacy},
  author={Sweeney, Latanya},
  journal={International Journal of Uncertainty, Fuzziness and Knowledge-Based Systems},
  volume={10},
  number={05},
  pages={557--570},
  year={2002},
  publisher={World Scientific}
}

@article{machanavajjhala2007diversity,
  title={l-diversity: Privacy beyond k-anonymity},
  author={Machanavajjhala, Ashwin and Kifer, Daniel and Gehrke, Johannes and Venkitasubramaniam, Muthuramakrishnan},
  journal={ACM Transactions on Knowledge Discovery from Data},
  volume={1},
  number={1},
  pages={3--es},
  year={2007},
  publisher={ACM}
}

@inproceedings{hamilton2017inductive,
  title={Inductive representation learning on large graphs},
  author={Hamilton, Will and Ying, Zhitao and Leskovec, Jure},
  booktitle={Advances in Neural Information Processing Systems},
  pages={1024--1034},
  year={2017}
}

@inproceedings{devlin2018bert,
  title={BERT: Pre-training of Deep Bidirectional Transformers for Language Understanding},
  author={Devlin, Jacob and Chang, Ming-Wei and Lee, Kenton and Toutanova, Kristina},
  booktitle={Proceedings of the 2019 Conference of the North American Chapter of the Association for Computational Linguistics},
  pages={4171--4186},
  year={2019}
}

@inproceedings{kazemi2019time2vec,
  title={Time2vec: Learning a vector representation of time},
  author={Kazemi, Seyed Mehran and Goel, Rishab and Eghbali, Sepehr and Ramanan, Janahan and Sahota, Jaspreet and Thakur, Sanjay and Wu, Stella and Smyth, Cathal and Poupart, Pascal and Brubaker, Marcus},
  booktitle={arXiv preprint arXiv:1907.05321},
  year={2019}
}

@inproceedings{vaswani2017attention,
  title={Attention is all you need},
  author={Vaswani, Ashish and Shazeer, Noam and Parmar, Niki and Uszkoreit, Jakob and Jones, Llion and Gomez, Aidan N and Kaiser, {\L}ukasz and Polosukhin, Illia},
  booktitle={Advances in Neural Information Processing Systems},
  pages={5998--6008},
  year={2017}
}

@article{ke2017lightgbm,
  title={LightGBM: A highly efficient gradient boosting decision tree},
  author={Ke, Guolin and Meng, Qi and Finley, Thomas and Wang, Taifeng and Chen, Wei and Ma, Weidong and Ye, Qiwei and Liu, Tie-Yan},
  journal={Advances in Neural Information Processing Systems},
  volume={30},
  pages={3146--3154},
  year={2017}
}

@article{chen2016xgboost,
  title={XGBoost: A scalable tree boosting system},
  author={Chen, Tianqi and Guestrin, Carlos},
  journal={Proceedings of the 22nd ACM SIGKDD International Conference on Knowledge Discovery and Data Mining},
  pages={785--794},
  year={2016}
}

@article{gdpr2016regulation,
  title={Regulation (EU) 2016/679 of the European Parliament and of the Council of 27 April 2016 on the protection of natural persons with regard to the processing of personal data and on the free movement of such data, and repealing Directive 95/46/EC (General Data Protection Regulation)},
  author={{European Parliament and Council}},
  journal={Official Journal of the European Union},
  volume={L119},
  pages={1--88},
  year={2016}
}

@misc{ccpa2018california,
  title={California Consumer Privacy Act of 2018},
  author={{California State Legislature}},
  year={2018},
  howpublished={California Civil Code Section 1798.100 et seq.}
}

@inproceedings{kipf2016semi,
  title={Semi-supervised classification with graph convolutional networks},
  author={Kipf, Thomas N and Welling, Max},
  booktitle={International Conference on Learning Representations},
  year={2017}
}

@article{grover2016node2vec,
  title={node2vec: Scalable feature learning for networks},
  author={Grover, Aditya and Leskovec, Jure},
  journal={Proceedings of the 22nd ACM SIGKDD International Conference on Knowledge Discovery and Data Mining},
  pages={855--864},
  year={2016}
}

@inproceedings{oord2018representation,
  title={Representation learning with contrastive predictive coding},
  author={Oord, Aaron van den and Li, Yazhe and Vinyals, Oriol},
  booktitle={arXiv preprint arXiv:1807.03748},
  year={2018}
}

@article{wolpert1992stacked,
  title={Stacked generalization},
  author={Wolpert, David H},
  journal={Neural Networks},
  volume={5},
  number={2},
  pages={241--259},
  year={1992},
  publisher={Elsevier}
}

@article{breiman1996bagging,
  title={Bagging predictors},
  author={Breiman, Leo},
  journal={Machine Learning},
  volume={24},
  number={2},
  pages={123--140},
  year={1996},
  publisher={Springer}
}

@article{freund1997decision,
  title={A decision-theoretic generalization of on-line learning and an application to boosting},
  author={Freund, Yoav and Schapire, Robert E},
  journal={Journal of Computer and System Sciences},
  volume={55},
  number={1},
  pages={119--139},
  year={1997},
  publisher={Elsevier}
}

@inproceedings{abadi2016deep,
  title={Deep learning with differential privacy},
  author={Abadi, Martin and Chu, Andy and Goodfellow, Ian and McMahan, H Brendan and Mironov, Ilya and Talwar, Kunal and Zhang, Li},
  booktitle={Proceedings of the 2016 ACM SIGSAC Conference on Computer and Communications Security},
  pages={308--318},
  year={2016}
}

@article{li2020federated,
  title={Federated learning: Challenges, methods, and future directions},
  author={Li, Tian and Sahu, Anit Kumar and Talwalkar, Ameet and Smith, Virginia},
  journal={IEEE Signal Processing Magazine},
  volume={37},
  number={3},
  pages={50--60},
  year={2020},
  publisher={IEEE}
}

@inproceedings{bonawitz2017practical,
  title={Practical secure aggregation for privacy-preserving machine learning},
  author={Bonawitz, Keith and Ivanov, Vladimir and Kreuter, Ben and Marcedone, Antonio and McMahan, H Brendan and Patel, Sarvar and Ramage, Daniel and Segal, Aaron and Seth, Karn},
  booktitle={Proceedings of the 2017 ACM SIGSAC Conference on Computer and Communications Security},
  pages={1175--1191},
  year={2017}
}
